@inproceedings{cohen2016expressive,
title={On the expressive power of deep learning: A tensor analysis},
author={Cohen, Nadav and Sharir, Or and Shashua, Amnon},
booktitle={Conference on Learning Theory},
pages={698--728},
year={2016}
}

@article{cybenko1989approximation,
title={Approximation by superpositions of a sigmoidal function},
author={Cybenko, George},
journal={Mathematics of control, signals and systems},
volume={2},
number={4},
pages={303--314},
year={1989},
publisher={Springer}
}

@article{lecun1998gradient,
title={Gradient-based learning applied to document recognition},
author={LeCun, Yann and Bottou, L{\'e}on and Bengio, Yoshua and Haffner, Patrick and others},
journal={Proceedings of the IEEE},
volume={86},
number={11},
pages={2278--2324},
year={1998},
publisher={Taipei, Taiwan}
}

@article{mallat2012group,
title={Group invariant scattering},
author={Mallat, St{\'e}phane},
journal={Communications on Pure and Applied Mathematics},
volume={65},
number={10},
pages={1331--1398},
year={2012},
publisher={Wiley Online Library}
}

@article{maass1995vapnik,
title={Vapnik-Chervonenkis dimension of neural nets},
author={Maass, Wolfgang},
journal={The handbook of brain theory and neural networks},
pages={1000--1003},
year={1995},
publisher={Cambridge, MA: MIT Press}
}

@inproceedings{vapnik1992principles,
title={Principles of risk minimization for learning theory},
author={Vapnik, Vladimir},
booktitle={Advances in neural information processing systems},
pages={831--838},
year={1992}
}
