@article{chan2015pcanet,
title={PCANet: A simple deep learning baseline for image classification?},
author={Chan, Tsung-Han and Jia, Kui and Gao, Shenghua and Lu, Jiwen and Zeng, Zinan and Ma, Yi},
journal={IEEE transactions on image processing},
volume={24},
number={12},
pages={5017--5032},
year={2015},
publisher={IEEE}
}

@article{cybenko1989approximation,
title={Approximation by superpositions of a sigmoidal function},
author={Cybenko, George},
journal={Mathematics of control, signals and systems},
volume={2},
number={4},
pages={303--314},
year={1989},
publisher={Springer}
}

@inproceedings{defferrard2016convolutional,
title={Convolutional neural networks on graphs with fast localized spectral filtering},
author={Defferrard, Micha{\"e}l and Bresson, Xavier and Vandergheynst, Pierre},
booktitle={Advances in neural information processing systems},
pages={3844--3852},
year={2016}
}

@article{kipf2016semi,
title={Semi-supervised classification with graph convolutional networks},
author={Kipf, Thomas N and Welling, Max},
journal={arXiv preprint arXiv:1609.02907},
year={2016}
}

@article{le1991eigenvalues,
title={Eigenvalues of covariance matrices: Application to neural-network learning},
author={Le Cun, Yann and Kanter, Ido and Solla, Sara A},
journal={Physical Review Letters},
volume={66},
number={18},
pages={2396},
year={1991},
publisher={APS}
}

@article{rosenblatt1958perceptron,
  title={The perceptron: a probabilistic model for information storage and organization in the brain.},
    author={Rosenblatt, Frank},
      journal={Psychological review},
        volume={65},
          number={6},
            pages={386},
              year={1958},
                publisher={American Psychological Association}
                }

@incollection{vapnik2015uniform,
  title={On the uniform convergence of relative frequencies of events to their probabilities},
    author={Vapnik, Vladimir N and Chervonenkis, A Ya},
      booktitle={Measures of complexity},
        pages={11--30},
          year={2015},
            publisher={Springer}
            }



@inproceedings{cohen2016expressive,
title={On the expressive power of deep learning: A tensor analysis},
author={Cohen, Nadav and Sharir, Or and Shashua, Amnon},
booktitle={Conference on Learning Theory},
pages={698--728},
year={2016}
}

@article{cybenko1989approximation,
title={Approximation by superpositions of a sigmoidal function},
author={Cybenko, George},
journal={Mathematics of control, signals and systems},
volume={2},
number={4},
pages={303--314},
year={1989},
publisher={Springer}
}

@article{lecun1998gradient,
title={Gradient-based learning applied to document recognition},
author={LeCun, Yann and Bottou, L{\'e}on and Bengio, Yoshua and Haffner, Patrick and others},
journal={Proceedings of the IEEE},
volume={86},
number={11},
pages={2278--2324},
year={1998},
publisher={Taipei, Taiwan}
}

@article{mallat2012group,
title={Group invariant scattering},
author={Mallat, St{\'e}phane},
journal={Communications on Pure and Applied Mathematics},
volume={65},
number={10},
pages={1331--1398},
year={2012},
publisher={Wiley Online Library}
}

@article{maass1995vapnik,
title={Vapnik-Chervonenkis dimension of neural nets},
author={Maass, Wolfgang},
journal={The handbook of brain theory and neural networks},
pages={1000--1003},
year={1995},
publisher={Cambridge, MA: MIT Press}
}

@inproceedings{vapnik1992principles,
title={Principles of risk minimization for learning theory},
author={Vapnik, Vladimir},
booktitle={Advances in neural information processing systems},
pages={831--838},
year={1992}
}
